<record><leader>00000cas a22000007a 4500</leader><controlfield tag="001">32711931</controlfield><controlfield tag="008">950626d18921973okuwr n       0    0eng d</controlfield><datafield ind1=" " ind2=" " tag="010"><subfield code="a">sn 95076240 </subfield></datafield><datafield ind1=" " ind2=" " tag="040"><subfield code="a">OBN</subfield><subfield code="b">eng</subfield><subfield code="c">OBN</subfield><subfield code="d">OCLCQ</subfield><subfield code="d">OCLCF</subfield><subfield code="d">OCLCO</subfield></datafield><datafield ind1="1" ind2=" " tag="029"><subfield code="a">AU@</subfield><subfield code="b">000011783203</subfield></datafield><datafield ind1=" " ind2=" " tag="042"><subfield code="a">msc</subfield></datafield><datafield ind1=" " ind2=" " tag="043"><subfield code="a">n-us-ok</subfield></datafield><datafield ind1="0" ind2=" " tag="130"><subfield code="a">Perkins journal (Perkins, Okla. : 1892)</subfield></datafield><datafield ind1="1" ind2="4" tag="245"><subfield code="a">The Perkins journal.</subfield></datafield><datafield ind1="3" ind2=" " tag="246"><subfield code="a">Journal</subfield></datafield><datafield ind1=" " ind2=" " tag="260"><subfield code="a">Perkins, Payne County, Okla. :</subfield><subfield code="b">John P. Hinkel</subfield></datafield><datafield ind1=" " ind2=" " tag="300"><subfield code="a">v.</subfield></datafield><datafield ind1=" " ind2=" " tag="310"><subfield code="a">Weekly</subfield></datafield><datafield ind1="0" ind2=" " tag="362"><subfield code="a">-v. 83, no. 25 (June 21, 1973).</subfield></datafield><datafield ind1="1" ind2=" " tag="362"><subfield code="a">Began Jan. 1, 1892.</subfield></datafield><datafield ind1=" " ind2=" " tag="588"><subfield code="a">Description based on: Vol. 1, no. 3 (Jan. 21, 1892).</subfield></datafield><datafield ind1=" " ind2="0" tag="651"><subfield code="a">Perkins (Okla.)</subfield><subfield code="v">Newspapers.</subfield></datafield><datafield ind1=" " ind2="0" tag="651"><subfield code="a">Payne County (Okla.)</subfield><subfield code="v">Newspapers.</subfield></datafield><datafield ind1=" " ind2="7" tag="655"><subfield code="a">Newspapers.</subfield><subfield code="2">fast</subfield><subfield code="0">(OCoLC)fst01423814</subfield></datafield><datafield ind1=" " ind2="7" tag="651"><subfield code="a">Oklahoma</subfield><subfield code="z">Payne County.</subfield><subfield code="2">fast</subfield><subfield code="0">(OCoLC)fst01219312</subfield></datafield><datafield ind1=" " ind2="7" tag="651"><subfield code="a">Oklahoma</subfield><subfield code="z">Perkins.</subfield><subfield code="2">fast</subfield><subfield code="0">(OCoLC)fst01264656</subfield></datafield><datafield ind1=" " ind2=" " tag="752"><subfield code="a">United States</subfield><subfield code="b">Oklahoma</subfield><subfield code="c">Payne</subfield><subfield code="d">Perkins.</subfield></datafield><datafield ind1="0" ind2="0" tag="780"><subfield code="t">Plaindealer</subfield></datafield><datafield ind1="0" ind2="5" tag="780"><subfield code="t">Perkins tribune</subfield></datafield><datafield ind1="0" ind2="0" tag="785"><subfield code="t">Journal (Perkins, Okla.)</subfield><subfield code="w">(DLC)sn 95076239</subfield><subfield code="w">(OCoLC)32712056</subfield></datafield></record>